​​@misc{hsieh2024music,
    author       = {Alex Hsieh and Owen Luo and Tyler Pavay},
    title        = {Music attributes and its effect on popularity},
    year         = {2024},
    url          = {https://ahsieh53632.github.io/music-attributes-and-popularity/},
    note         = {Accessed: 2024-06-07},
}

@inbook{Singhal2022,
  author    = {Rahul Singhal and Shruti Srivatsan},
  title     = {Comparison of Machine Learning Techniques for Music Genre Classification},
  year      = {2022},
  month     = {September},
  booktitle = {Technological, Social and Economic Innovations through Artificial Intelligence, Data Science and Cyber Security},
  chapter   = {9},
  pages     = {74-83},
  edition   = {1st},
  publisher = {Bloomsbury Publishing},
  address   = {New York},
  author1   = {New York University},
  author2   = {Sri Venkateswara College of Engineering}
}

@article{prajwal2021music,
  title={Music Genre Classification Using Machine Learning},
  author={Prajwal R and Sharma, Shubham and Naik, Prasanna and Mk, Sugna},
  journal={International Research Journal of Modernization in Engineering Technology and Science},
  volume={3},
  number={7},
  pages={953--956},
  year={2021},
  publisher={Sir MVIT College, Bangalore, Karnataka, India},
  url={https://www.irjmets.com/uploadedfiles/paper/volume3/issue_7_july_2021/14720/1628083571.pdf},
  issn={2582-5208}
}
